%YAML 1.1
%TAG !u! tag:unity3d.com,2011:
--- !u!114 &11400000
MonoBehaviour:
  m_ObjectHideFlags: 0
  m_CorrespondingSourceObject: {fileID: 0}
  m_PrefabInstance: {fileID: 0}
  m_PrefabAsset: {fileID: 0}
  m_GameObject: {fileID: 0}
  m_Enabled: 1
  m_EditorHideFlags: 0
  m_Script: {fileID: 11500000, guid: 641a501636ec3644993211c008d9a8a4, type: 3}
  m_Name: GetAnAppleForASword
  m_EditorClassIdentifier: 
  m_isInstance: 0
  m_originalAsset: {fileID: 0}
  m_fileVersion: 1
  m_id:
    m_text: GetAnAppleForASword
    m_stringAsset: {fileID: 0}
    m_textTable: {fileID: 0}
    m_textTableFieldID: 0
  m_title:
    m_text: Get An Apple For A Sword
    m_stringAsset: {fileID: 0}
    m_textTable: {fileID: 0}
    m_textTableFieldID: 0
  m_icon: {fileID: 21300000, guid: a1fbd1aaf76d0b94e88551b7c406ee2c, type: 3}
  m_group:
    m_text: 
    m_stringAsset: {fileID: 0}
    m_textTable: {fileID: 0}
    m_textTableFieldID: 0
  m_labels: []
  m_questGiverID:
    m_text: Girl1
    m_stringAsset: {fileID: 0}
    m_textTable: {fileID: 0}
    m_textTableFieldID: 0
  m_isTrackable: 1
  m_showInTrackHUD: 1
  m_isAbandonable: 0
  m_rememberIfAbandoned: 0
  m_autostartConditionSet:
    m_conditionList: []
    m_conditionCountMode: 0
    m_minConditionCount: 0
    m_numTrueConditions: 0
  m_offerConditionSet:
    m_conditionList: []
    m_conditionCountMode: 0
    m_minConditionCount: 0
    m_numTrueConditions: 0
  m_offerConditionsUnmetContentList: []
  m_offerContentList:
  - {fileID: 114944212265658052}
  - {fileID: 114845933173971934}
  - {fileID: 114971676561512240}
  - {fileID: 114075069254505878}
  m_maxTimes: 1
  m_timesAccepted: 0
  m_cooldownSeconds: 3600
  m_cooldownSecondsRemaining: 0
  m_state: 0
  m_stateInfoList:
  - m_actionList: []
    m_categorizedContentList:
    - m_contentList: []
    - m_contentList: []
    - m_contentList: []
  - m_actionList: []
    m_categorizedContentList:
    - m_contentList:
      - {fileID: 114248124669331454}
    - m_contentList:
      - {fileID: 114907523934008860}
    - m_contentList:
      - {fileID: 114245891881405290}
  - m_actionList: []
    m_categorizedContentList:
    - m_contentList: []
    - m_contentList:
      - {fileID: 114847226725813992}
      - {fileID: 114726094686653622}
    - m_contentList: []
  - m_actionList: []
    m_categorizedContentList:
    - m_contentList: []
    - m_contentList: []
    - m_contentList: []
  - m_actionList: []
    m_categorizedContentList:
    - m_contentList: []
    - m_contentList: []
    - m_contentList: []
  - m_actionList: []
    m_categorizedContentList:
    - m_contentList: []
    - m_contentList: []
    - m_contentList: []
  m_counterList:
  - m_name:
      m_text: Apples
      m_stringAsset: {fileID: 0}
      m_textTable: {fileID: 0}
      m_textTableFieldID: 0
    m_currentValue: 0
    m_randomizeInitialValue: 0
    m_minValue: 0
    m_maxValue: 999
    m_updateMode: 0
    m_messageEventList:
    - m_senderSpecifier: 0
      m_senderID:
        m_text: 
        m_stringAsset: {fileID: 0}
        m_textTable: {fileID: 0}
        m_textTableFieldID: 0
      m_targetSpecifier: 0
      m_targetID:
        m_text: 
        m_stringAsset: {fileID: 0}
        m_textTable: {fileID: 0}
        m_textTableFieldID: 0
      m_message:
        m_text: 
        m_stringAsset: {fileID: 0}
        m_textTable: {fileID: 0}
        m_textTableFieldID: 0
      m_parameter:
        m_text: 
        m_stringAsset: {fileID: 0}
        m_textTable: {fileID: 0}
        m_textTableFieldID: 0
      m_operation: 2
      m_literalValue: 1
  m_nodeList:
  - m_id:
      m_text: Quest-165304.start
      m_stringAsset: {fileID: 0}
      m_textTable: {fileID: 0}
      m_textTableFieldID: 0
    m_internalName:
      m_text: Start
      m_stringAsset: {fileID: 0}
      m_textTable: {fileID: 0}
      m_textTableFieldID: 0
    m_nodeType: 0
    m_isOptional: 0
    m_state: 0
    m_speaker:
      m_text: 
      m_stringAsset: {fileID: 0}
      m_textTable: {fileID: 0}
      m_textTableFieldID: 0
    m_stateInfoList:
    - m_actionList: []
      m_categorizedContentList:
      - m_contentList: []
      - m_contentList: []
      - m_contentList: []
    - m_actionList: []
      m_categorizedContentList:
      - m_contentList: []
      - m_contentList: []
      - m_contentList: []
    - m_actionList: []
      m_categorizedContentList:
      - m_contentList: []
      - m_contentList: []
      - m_contentList: []
    m_conditionSet:
      m_conditionList: []
      m_conditionCountMode: 0
      m_minConditionCount: 0
      m_numTrueConditions: 0
    m_childIndexList: 01000000
    m_canvasRect:
      serializedVersion: 2
      x: 200
      y: 19.056606
      width: 120
      height: 48
  - m_id:
      m_text: getApple
      m_stringAsset: {fileID: 0}
      m_textTable: {fileID: 0}
      m_textTableFieldID: 0
    m_internalName:
      m_text: 
      m_stringAsset: {fileID: 0}
      m_textTable: {fileID: 0}
      m_textTableFieldID: 0
    m_nodeType: 4
    m_isOptional: 0
    m_state: 0
    m_speaker:
      m_text: 
      m_stringAsset: {fileID: 0}
      m_textTable: {fileID: 0}
      m_textTableFieldID: 0
    m_stateInfoList:
    - m_actionList: []
      m_categorizedContentList:
      - m_contentList: []
      - m_contentList: []
      - m_contentList: []
    - m_actionList: []
      m_categorizedContentList:
      - m_contentList:
        - {fileID: 114635548702333250}
      - m_contentList:
        - {fileID: 114061509737710534}
      - m_contentList: []
    - m_actionList: []
      m_categorizedContentList:
      - m_contentList: []
      - m_contentList: []
      - m_contentList: []
    m_conditionSet:
      m_conditionList:
      - {fileID: 114477999486649124}
      m_conditionCountMode: 0
      m_minConditionCount: 0
      m_numTrueConditions: 0
    m_childIndexList: 03000000
    m_canvasRect:
      serializedVersion: 2
      x: 201
      y: 103
      width: 120
      height: 48
  - m_id:
      m_text: Success
      m_stringAsset: {fileID: 0}
      m_textTable: {fileID: 0}
      m_textTableFieldID: 0
    m_internalName:
      m_text: 
      m_stringAsset: {fileID: 0}
      m_textTable: {fileID: 0}
      m_textTableFieldID: 0
    m_nodeType: 1
    m_isOptional: 0
    m_state: 0
    m_speaker:
      m_text: 
      m_stringAsset: {fileID: 0}
      m_textTable: {fileID: 0}
      m_textTableFieldID: 0
    m_stateInfoList:
    - m_actionList: []
      m_categorizedContentList:
      - m_contentList: []
      - m_contentList: []
      - m_contentList: []
    - m_actionList: []
      m_categorizedContentList:
      - m_contentList: []
      - m_contentList: []
      - m_contentList: []
    - m_actionList:
      - {fileID: 114200229039342080}
      - {fileID: 114526556589799092}
      m_categorizedContentList:
      - m_contentList: []
      - m_contentList: []
      - m_contentList: []
    m_conditionSet:
      m_conditionList: []
      m_conditionCountMode: 1
      m_minConditionCount: 0
      m_numTrueConditions: 0
    m_childIndexList: 
    m_canvasRect:
      serializedVersion: 2
      x: 155
      y: 525
      width: 120
      height: 35
  - m_id:
      m_text: return
      m_stringAsset: {fileID: 0}
      m_textTable: {fileID: 0}
      m_textTableFieldID: 0
    m_internalName:
      m_text: 
      m_stringAsset: {fileID: 0}
      m_textTable: {fileID: 0}
      m_textTableFieldID: 0
    m_nodeType: 4
    m_isOptional: 0
    m_state: 0
    m_speaker:
      m_text: 
      m_stringAsset: {fileID: 0}
      m_textTable: {fileID: 0}
      m_textTableFieldID: 0
    m_stateInfoList:
    - m_actionList: []
      m_categorizedContentList:
      - m_contentList: []
      - m_contentList: []
      - m_contentList: []
    - m_actionList: []
      m_categorizedContentList:
      - m_contentList: []
      - m_contentList:
        - {fileID: 114814241630275624}
      - m_contentList:
        - {fileID: 114452526699832332}
    - m_actionList:
      - {fileID: 114672444145994632}
      - {fileID: 114678620764779240}
      - {fileID: 114900720728642390}
      m_categorizedContentList:
      - m_contentList:
        - {fileID: 114353779093176550}
      - m_contentList:
        - {fileID: 114225991563975636}
      - m_contentList: []
    m_conditionSet:
      m_conditionList:
      - {fileID: 114378859344968996}
      m_conditionCountMode: 1
      m_minConditionCount: 0
      m_numTrueConditions: 0
    m_childIndexList: 0400000005000000
    m_canvasRect:
      serializedVersion: 2
      x: 193
      y: 198
      width: 120
      height: 48
  - m_id:
      m_text: ILike
      m_stringAsset: {fileID: 0}
      m_textTable: {fileID: 0}
      m_textTableFieldID: 0
    m_internalName:
      m_text: 
      m_stringAsset: {fileID: 0}
      m_textTable: {fileID: 0}
      m_textTableFieldID: 0
    m_nodeType: 4
    m_isOptional: 0
    m_state: 0
    m_speaker:
      m_text: 
      m_stringAsset: {fileID: 0}
      m_textTable: {fileID: 0}
      m_textTableFieldID: 0
    m_stateInfoList:
    - m_actionList: []
      m_categorizedContentList:
      - m_contentList: []
      - m_contentList: []
      - m_contentList: []
    - m_actionList: []
      m_categorizedContentList:
      - m_contentList: []
      - m_contentList: []
      - m_contentList: []
    - m_actionList: []
      m_categorizedContentList:
      - m_contentList:
        - {fileID: 114721066757645364}
      - m_contentList:
        - {fileID: 114075611053065284}
      - m_contentList: []
    m_conditionSet:
      m_conditionList:
      - {fileID: 114615606698176624}
      m_conditionCountMode: 1
      m_minConditionCount: 0
      m_numTrueConditions: 0
    m_childIndexList: 06000000
    m_canvasRect:
      serializedVersion: 2
      x: 88
      y: 346
      width: 120
      height: 48
  - m_id:
      m_text: IHate
      m_stringAsset: {fileID: 0}
      m_textTable: {fileID: 0}
      m_textTableFieldID: 0
    m_internalName:
      m_text: 
      m_stringAsset: {fileID: 0}
      m_textTable: {fileID: 0}
      m_textTableFieldID: 0
    m_nodeType: 4
    m_isOptional: 0
    m_state: 0
    m_speaker:
      m_text: 
      m_stringAsset: {fileID: 0}
      m_textTable: {fileID: 0}
      m_textTableFieldID: 0
    m_stateInfoList:
    - m_actionList: []
      m_categorizedContentList:
      - m_contentList: []
      - m_contentList: []
      - m_contentList: []
    - m_actionList: []
      m_categorizedContentList:
      - m_contentList: []
      - m_contentList: []
      - m_contentList: []
    - m_actionList: []
      m_categorizedContentList:
      - m_contentList:
        - {fileID: 114403526694143230}
      - m_contentList:
        - {fileID: 114115691102659354}
      - m_contentList: []
    m_conditionSet:
      m_conditionList:
      - {fileID: 114943594286021702}
      m_conditionCountMode: 1
      m_minConditionCount: 0
      m_numTrueConditions: 0
    m_childIndexList: 07000000
    m_canvasRect:
      serializedVersion: 2
      x: 273
      y: 343
      width: 120
      height: 48
  - m_id:
      m_text: heart
      m_stringAsset: {fileID: 0}
      m_textTable: {fileID: 0}
      m_textTableFieldID: 0
    m_internalName:
      m_text: 
      m_stringAsset: {fileID: 0}
      m_textTable: {fileID: 0}
      m_textTableFieldID: 0
    m_nodeType: 3
    m_isOptional: 0
    m_state: 0
    m_speaker:
      m_text: 
      m_stringAsset: {fileID: 0}
      m_textTable: {fileID: 0}
      m_textTableFieldID: 0
    m_stateInfoList:
    - m_actionList: []
      m_categorizedContentList:
      - m_contentList: []
      - m_contentList: []
      - m_contentList: []
    - m_actionList: []
      m_categorizedContentList:
      - m_contentList:
        - {fileID: 114301735346907494}
      - m_contentList: []
      - m_contentList: []
    - m_actionList: []
      m_categorizedContentList:
      - m_contentList:
        - {fileID: 114642628439695724}
        - {fileID: 114156863429536352}
      - m_contentList: []
      - m_contentList: []
    m_conditionSet:
      m_conditionList: []
      m_conditionCountMode: 1
      m_minConditionCount: 0
      m_numTrueConditions: 0
    m_childIndexList: 02000000
    m_canvasRect:
      serializedVersion: 2
      x: 140
      y: 432
      width: 120
      height: 48
  - m_id:
      m_text: dick
      m_stringAsset: {fileID: 0}
      m_textTable: {fileID: 0}
      m_textTableFieldID: 0
    m_internalName:
      m_text: 
      m_stringAsset: {fileID: 0}
      m_textTable: {fileID: 0}
      m_textTableFieldID: 0
    m_nodeType: 3
    m_isOptional: 0
    m_state: 0
    m_speaker:
      m_text: 
      m_stringAsset: {fileID: 0}
      m_textTable: {fileID: 0}
      m_textTableFieldID: 0
    m_stateInfoList:
    - m_actionList: []
      m_categorizedContentList:
      - m_contentList: []
      - m_contentList: []
      - m_contentList: []
    - m_actionList: []
      m_categorizedContentList:
      - m_contentList:
        - {fileID: 114239497550444258}
      - m_contentList: []
      - m_contentList: []
    - m_actionList: []
      m_categorizedContentList:
      - m_contentList: []
      - m_contentList: []
      - m_contentList: []
    m_conditionSet:
      m_conditionList: []
      m_conditionCountMode: 1
      m_minConditionCount: 0
      m_numTrueConditions: 0
    m_childIndexList: 02000000
    m_canvasRect:
      serializedVersion: 2
      x: 301
      y: 423
      width: 120
      height: 48
  m_goalEntityTypeName: 
--- !u!114 &114061509737710534
MonoBehaviour:
  m_ObjectHideFlags: 1
  m_CorrespondingSourceObject: {fileID: 0}
  m_PrefabInstance: {fileID: 0}
  m_PrefabAsset: {fileID: 0}
  m_GameObject: {fileID: 0}
  m_Enabled: 1
  m_EditorHideFlags: 0
  m_Script: {fileID: 11500000, guid: f0ed0c4e68ee98946bb5016adda42373, type: 3}
  m_Name: BodyTextQuestContent
  m_EditorClassIdentifier: 
  m_bodyText:
    m_text: get an apple
    m_stringAsset: {fileID: 0}
    m_textTable: {fileID: 0}
    m_textTableFieldID: 0
--- !u!114 &114075069254505878
MonoBehaviour:
  m_ObjectHideFlags: 1
  m_CorrespondingSourceObject: {fileID: 0}
  m_PrefabInstance: {fileID: 0}
  m_PrefabAsset: {fileID: 0}
  m_GameObject: {fileID: 0}
  m_Enabled: 1
  m_EditorHideFlags: 0
  m_Script: {fileID: 11500000, guid: 5acd9aaaa3b44d5419945259bebbe84a, type: 3}
  m_Name: IconQuestContent
  m_EditorClassIdentifier: 
  m_image: {fileID: 21300006, guid: a1fbd1aaf76d0b94e88551b7c406ee2c, type: 3}
  m_caption:
    m_text: Sword
    m_stringAsset: {fileID: 0}
    m_textTable: {fileID: 0}
    m_textTableFieldID: 0
  m_count: 1
  m_imageNameProxy: 
--- !u!114 &114075611053065284
MonoBehaviour:
  m_ObjectHideFlags: 1
  m_CorrespondingSourceObject: {fileID: 0}
  m_PrefabInstance: {fileID: 0}
  m_PrefabAsset: {fileID: 0}
  m_GameObject: {fileID: 0}
  m_Enabled: 1
  m_EditorHideFlags: 0
  m_Script: {fileID: 11500000, guid: f0ed0c4e68ee98946bb5016adda42373, type: 3}
  m_Name: BodyTextQuestContent
  m_EditorClassIdentifier: 
  m_bodyText:
    m_text: your good
    m_stringAsset: {fileID: 0}
    m_textTable: {fileID: 0}
    m_textTableFieldID: 0
--- !u!114 &114109695183661286
MonoBehaviour:
  m_ObjectHideFlags: 1
  m_CorrespondingSourceObject: {fileID: 0}
  m_PrefabInstance: {fileID: 0}
  m_PrefabAsset: {fileID: 0}
  m_GameObject: {fileID: 0}
  m_Enabled: 1
  m_EditorHideFlags: 0
  m_Script: {fileID: 11500000, guid: ab5244be67989c34f8ca192d0c37510c, type: 3}
  m_Name: LoveHateChangePadQuestAction
  m_EditorClassIdentifier: 
  m_factionMemberID:
    m_text: QuestGirl2
    m_stringAsset: {fileID: 0}
    m_textTable: {fileID: 0}
    m_textTableFieldID: 0
  m_mode: 1
  m_happiness: 10
  m_pleasure: 10
  m_arousal: 10
  m_dominance: 0
--- !u!114 &114115691102659354
MonoBehaviour:
  m_ObjectHideFlags: 1
  m_CorrespondingSourceObject: {fileID: 0}
  m_PrefabInstance: {fileID: 0}
  m_PrefabAsset: {fileID: 0}
  m_GameObject: {fileID: 0}
  m_Enabled: 1
  m_EditorHideFlags: 0
  m_Script: {fileID: 11500000, guid: f0ed0c4e68ee98946bb5016adda42373, type: 3}
  m_Name: BodyTextQuestContent
  m_EditorClassIdentifier: 
  m_bodyText:
    m_text: your bad
    m_stringAsset: {fileID: 0}
    m_textTable: {fileID: 0}
    m_textTableFieldID: 0
--- !u!114 &114156863429536352
MonoBehaviour:
  m_ObjectHideFlags: 1
  m_CorrespondingSourceObject: {fileID: 0}
  m_PrefabInstance: {fileID: 0}
  m_PrefabAsset: {fileID: 0}
  m_GameObject: {fileID: 0}
  m_Enabled: 1
  m_EditorHideFlags: 0
  m_Script: {fileID: 11500000, guid: f0ed0c4e68ee98946bb5016adda42373, type: 3}
  m_Name: BodyTextQuestContent
  m_EditorClassIdentifier: 
  m_bodyText:
    m_text: You press my buttons!
    m_stringAsset: {fileID: 0}
    m_textTable: {fileID: 0}
    m_textTableFieldID: 0
--- !u!114 &114200229039342080
MonoBehaviour:
  m_ObjectHideFlags: 1
  m_CorrespondingSourceObject: {fileID: 0}
  m_PrefabInstance: {fileID: 0}
  m_PrefabAsset: {fileID: 0}
  m_GameObject: {fileID: 0}
  m_Enabled: 1
  m_EditorHideFlags: 0
  m_Script: {fileID: 11500000, guid: 6b99cc2a156c22e46b4fb74b06a4d1e8, type: 3}
  m_Name: AlertQuestAction
  m_EditorClassIdentifier: 
  m_contentList:
  - {fileID: 114816366058835100}
  m_contentListSerializationProxy: []
--- !u!114 &114225991563975636
MonoBehaviour:
  m_ObjectHideFlags: 1
  m_CorrespondingSourceObject: {fileID: 0}
  m_PrefabInstance: {fileID: 0}
  m_PrefabAsset: {fileID: 0}
  m_GameObject: {fileID: 0}
  m_Enabled: 1
  m_EditorHideFlags: 0
  m_Script: {fileID: 11500000, guid: c47e1bb9cdd9a474c8d3f5d555d7533a, type: 3}
  m_Name: HeadingTextQuestContent
  m_EditorClassIdentifier: 
  m_useQuestTitle: 1
  m_headingText:
    m_text: 
    m_stringAsset: {fileID: 0}
    m_textTable: {fileID: 0}
    m_textTableFieldID: 0
  m_headingLevel: 1
--- !u!114 &114239497550444258
MonoBehaviour:
  m_ObjectHideFlags: 1
  m_CorrespondingSourceObject: {fileID: 0}
  m_PrefabInstance: {fileID: 0}
  m_PrefabAsset: {fileID: 0}
  m_GameObject: {fileID: 0}
  m_Enabled: 1
  m_EditorHideFlags: 0
  m_Script: {fileID: 11500000, guid: f0ed0c4e68ee98946bb5016adda42373, type: 3}
  m_Name: BodyTextQuestContent
  m_EditorClassIdentifier: 
  m_bodyText:
    m_text: your a dick
    m_stringAsset: {fileID: 0}
    m_textTable: {fileID: 0}
    m_textTableFieldID: 0
--- !u!114 &114245891881405290
MonoBehaviour:
  m_ObjectHideFlags: 1
  m_CorrespondingSourceObject: {fileID: 0}
  m_PrefabInstance: {fileID: 0}
  m_PrefabAsset: {fileID: 0}
  m_GameObject: {fileID: 0}
  m_Enabled: 1
  m_EditorHideFlags: 0
  m_Script: {fileID: 11500000, guid: c47e1bb9cdd9a474c8d3f5d555d7533a, type: 3}
  m_Name: HeadingTextQuestContent
  m_EditorClassIdentifier: 
  m_useQuestTitle: 1
  m_headingText:
    m_text: 
    m_stringAsset: {fileID: 0}
    m_textTable: {fileID: 0}
    m_textTableFieldID: 0
  m_headingLevel: 1
--- !u!114 &114248124669331454
MonoBehaviour:
  m_ObjectHideFlags: 1
  m_CorrespondingSourceObject: {fileID: 0}
  m_PrefabInstance: {fileID: 0}
  m_PrefabAsset: {fileID: 0}
  m_GameObject: {fileID: 0}
  m_Enabled: 1
  m_EditorHideFlags: 0
  m_Script: {fileID: 11500000, guid: c47e1bb9cdd9a474c8d3f5d555d7533a, type: 3}
  m_Name: HeadingTextQuestContent
  m_EditorClassIdentifier: 
  m_useQuestTitle: 1
  m_headingText:
    m_text: 
    m_stringAsset: {fileID: 0}
    m_textTable: {fileID: 0}
    m_textTableFieldID: 0
  m_headingLevel: 1
--- !u!114 &114301735346907494
MonoBehaviour:
  m_ObjectHideFlags: 1
  m_CorrespondingSourceObject: {fileID: 0}
  m_PrefabInstance: {fileID: 0}
  m_PrefabAsset: {fileID: 0}
  m_GameObject: {fileID: 0}
  m_Enabled: 1
  m_EditorHideFlags: 0
  m_Script: {fileID: 11500000, guid: f0ed0c4e68ee98946bb5016adda42373, type: 3}
  m_Name: BodyTextQuestContent
  m_EditorClassIdentifier: 
  m_bodyText:
    m_text: I like you
    m_stringAsset: {fileID: 0}
    m_textTable: {fileID: 0}
    m_textTableFieldID: 0
--- !u!114 &114353779093176550
MonoBehaviour:
  m_ObjectHideFlags: 1
  m_CorrespondingSourceObject: {fileID: 0}
  m_PrefabInstance: {fileID: 0}
  m_PrefabAsset: {fileID: 0}
  m_GameObject: {fileID: 0}
  m_Enabled: 1
  m_EditorHideFlags: 0
  m_Script: {fileID: 11500000, guid: f0ed0c4e68ee98946bb5016adda42373, type: 3}
  m_Name: BodyTextQuestContent
  m_EditorClassIdentifier: 
  m_bodyText:
    m_text: Thanks! Here ya go!
    m_stringAsset: {fileID: 0}
    m_textTable: {fileID: 0}
    m_textTableFieldID: 0
--- !u!114 &114378859344968996
MonoBehaviour:
  m_ObjectHideFlags: 1
  m_CorrespondingSourceObject: {fileID: 0}
  m_PrefabInstance: {fileID: 0}
  m_PrefabAsset: {fileID: 0}
  m_GameObject: {fileID: 0}
  m_Enabled: 1
  m_EditorHideFlags: 0
  m_Script: {fileID: 11500000, guid: 5682394e55a192147a020b9edf624e51, type: 3}
  m_Name: MessageQuestCondition
  m_EditorClassIdentifier: 
  m_senderSpecifier: 0
  m_senderID:
    m_text: 
    m_stringAsset: {fileID: 0}
    m_textTable: {fileID: 0}
    m_textTableFieldID: 0
  m_targetSpecifier: 0
  m_targetID:
    m_text: 
    m_stringAsset: {fileID: 0}
    m_textTable: {fileID: 0}
    m_textTableFieldID: 0
  m_message:
    m_text: Discussed Quest
    m_stringAsset: {fileID: 0}
    m_textTable: {fileID: 0}
    m_textTableFieldID: 0
  m_parameter:
    m_text: GetAnAppleForASword
    m_stringAsset: {fileID: 0}
    m_textTable: {fileID: 0}
    m_textTableFieldID: 0
  m_value:
    m_valueType: 0
    m_intValue: 0
    m_stringValue: 
--- !u!114 &114403526694143230
MonoBehaviour:
  m_ObjectHideFlags: 1
  m_CorrespondingSourceObject: {fileID: 0}
  m_PrefabInstance: {fileID: 0}
  m_PrefabAsset: {fileID: 0}
  m_GameObject: {fileID: 0}
  m_Enabled: 1
  m_EditorHideFlags: 0
  m_Script: {fileID: 11500000, guid: f0ed0c4e68ee98946bb5016adda42373, type: 3}
  m_Name: BodyTextQuestContent
  m_EditorClassIdentifier: 
  m_bodyText:
    m_text: oh your bad
    m_stringAsset: {fileID: 0}
    m_textTable: {fileID: 0}
    m_textTableFieldID: 0
--- !u!114 &114452526699832332
MonoBehaviour:
  m_ObjectHideFlags: 1
  m_CorrespondingSourceObject: {fileID: 0}
  m_PrefabInstance: {fileID: 0}
  m_PrefabAsset: {fileID: 0}
  m_GameObject: {fileID: 0}
  m_Enabled: 1
  m_EditorHideFlags: 0
  m_Script: {fileID: 11500000, guid: f0ed0c4e68ee98946bb5016adda42373, type: 3}
  m_Name: BodyTextQuestContent
  m_EditorClassIdentifier: 
  m_bodyText:
    m_text: Return to quest giver
    m_stringAsset: {fileID: 0}
    m_textTable: {fileID: 0}
    m_textTableFieldID: 0
--- !u!114 &114477999486649124
MonoBehaviour:
  m_ObjectHideFlags: 1
  m_CorrespondingSourceObject: {fileID: 0}
  m_PrefabInstance: {fileID: 0}
  m_PrefabAsset: {fileID: 0}
  m_GameObject: {fileID: 0}
  m_Enabled: 1
  m_EditorHideFlags: 0
  m_Script: {fileID: 11500000, guid: 6bb6d5bc219c5314c8d689d045fc49c8, type: 3}
  m_Name: InventoryEngineHasItemsQuestCondition
  m_EditorClassIdentifier: 
  m_inventoryName:
    m_text: PlayerMainInventory
    m_stringAsset: {fileID: 0}
    m_textTable: {fileID: 0}
    m_textTableFieldID: 0
  m_itemName:
    m_text: Apple
    m_stringAsset: {fileID: 0}
    m_textTable: {fileID: 0}
    m_textTableFieldID: 0
  m_requiredValueMode: 0
  m_requiredValue:
    m_valueType: 0
    m_literalValue: 1
    m_counterIndex: 0
  m_counterIndex: 0
--- !u!114 &114526556589799092
MonoBehaviour:
  m_ObjectHideFlags: 1
  m_CorrespondingSourceObject: {fileID: 0}
  m_PrefabInstance: {fileID: 0}
  m_PrefabAsset: {fileID: 0}
  m_GameObject: {fileID: 0}
  m_Enabled: 1
  m_EditorHideFlags: 0
  m_Script: {fileID: 11500000, guid: 6e4e25cd4dc7a5b4c859b087bdeb27c1, type: 3}
  m_Name: AudioQuestAction
  m_EditorClassIdentifier: 
  m_audioClip: {fileID: 8300000, guid: 14311145f6b7418448aa563812d16c7b, type: 3}
  m_useAudioSourceOn:
    m_type: 0
    m_id: 
  m_audioNameProxy: 
--- !u!114 &114615606698176624
MonoBehaviour:
  m_ObjectHideFlags: 1
  m_CorrespondingSourceObject: {fileID: 0}
  m_PrefabInstance: {fileID: 0}
  m_PrefabAsset: {fileID: 0}
  m_GameObject: {fileID: 0}
  m_Enabled: 1
  m_EditorHideFlags: 0
  m_Script: {fileID: 11500000, guid: 2026020d5126cf04795d9548c18eacf3, type: 3}
  m_Name: LoveHateRelationshipQuestCondition
  m_EditorClassIdentifier: 
  m_judgeFactionID: 9
  m_subjectFactionID: 0
  m_relationshipID: 0
  m_mode: 0
  m_value: 1
  m_frequencyToCheck: 2
--- !u!114 &114635548702333250
MonoBehaviour:
  m_ObjectHideFlags: 1
  m_CorrespondingSourceObject: {fileID: 0}
  m_PrefabInstance: {fileID: 0}
  m_PrefabAsset: {fileID: 0}
  m_GameObject: {fileID: 0}
  m_Enabled: 1
  m_EditorHideFlags: 0
  m_Script: {fileID: 11500000, guid: f0ed0c4e68ee98946bb5016adda42373, type: 3}
  m_Name: BodyTextQuestContent
  m_EditorClassIdentifier: 
  m_bodyText:
    m_text: do ya got my apple?
    m_stringAsset: {fileID: 0}
    m_textTable: {fileID: 0}
    m_textTableFieldID: 0
--- !u!114 &114642628439695724
MonoBehaviour:
  m_ObjectHideFlags: 1
  m_CorrespondingSourceObject: {fileID: 0}
  m_PrefabInstance: {fileID: 0}
  m_PrefabAsset: {fileID: 0}
  m_GameObject: {fileID: 0}
  m_Enabled: 1
  m_EditorHideFlags: 0
  m_Script: {fileID: 11500000, guid: 005ad42cc1945d043becd6daacec5a25, type: 3}
  m_Name: ButtonQuestContent
  m_EditorClassIdentifier: 
  m_image: {fileID: 21300000, guid: 03d02d57bc9dadb41a7336ce506d565c, type: 3}
  m_caption:
    m_text: love
    m_stringAsset: {fileID: 0}
    m_textTable: {fileID: 0}
    m_textTableFieldID: 0
  m_count: 1
  m_imageNameProxy: 
  m_groupNumber: -1
  m_actionList:
  - {fileID: 114109695183661286}
  m_actionsProxy:
    actions: []
--- !u!114 &114672444145994632
MonoBehaviour:
  m_ObjectHideFlags: 1
  m_CorrespondingSourceObject: {fileID: 0}
  m_PrefabInstance: {fileID: 0}
  m_PrefabAsset: {fileID: 0}
  m_GameObject: {fileID: 0}
  m_Enabled: 1
  m_EditorHideFlags: 0
  m_Script: {fileID: 11500000, guid: 6e4e25cd4dc7a5b4c859b087bdeb27c1, type: 3}
  m_Name: AudioQuestAction
  m_EditorClassIdentifier: 
  m_audioClip: {fileID: 8300000, guid: 14311145f6b7418448aa563812d16c7b, type: 3}
  m_useAudioSourceOn:
    m_type: 0
    m_id: 
  m_audioNameProxy: 
--- !u!114 &114678620764779240
MonoBehaviour:
  m_ObjectHideFlags: 1
  m_CorrespondingSourceObject: {fileID: 0}
  m_PrefabInstance: {fileID: 0}
  m_PrefabAsset: {fileID: 0}
  m_GameObject: {fileID: 0}
  m_Enabled: 1
  m_EditorHideFlags: 0
  m_Script: {fileID: 11500000, guid: 3130e555dec1b2848b8b35a35d70722b, type: 3}
  m_Name: AddInventoryEngineItemQuestAction
  m_EditorClassIdentifier: 
  m_inventoryName:
    m_text: PlayerMainInventory
    m_stringAsset: {fileID: 0}
    m_textTable: {fileID: 0}
    m_textTableFieldID: 0
  m_itemName:
    m_text: Sword
    m_stringAsset: {fileID: 0}
    m_textTable: {fileID: 0}
    m_textTableFieldID: 0
  m_amount:
    m_valueType: 0
    m_literalValue: 1
    m_counterIndex: 0
--- !u!114 &114721066757645364
MonoBehaviour:
  m_ObjectHideFlags: 1
  m_CorrespondingSourceObject: {fileID: 0}
  m_PrefabInstance: {fileID: 0}
  m_PrefabAsset: {fileID: 0}
  m_GameObject: {fileID: 0}
  m_Enabled: 1
  m_EditorHideFlags: 0
  m_Script: {fileID: 11500000, guid: f0ed0c4e68ee98946bb5016adda42373, type: 3}
  m_Name: BodyTextQuestContent
  m_EditorClassIdentifier: 
  m_bodyText:
    m_text: oh your good
    m_stringAsset: {fileID: 0}
    m_textTable: {fileID: 0}
    m_textTableFieldID: 0
--- !u!114 &114726094686653622
MonoBehaviour:
  m_ObjectHideFlags: 1
  m_CorrespondingSourceObject: {fileID: 0}
  m_PrefabInstance: {fileID: 0}
  m_PrefabAsset: {fileID: 0}
  m_GameObject: {fileID: 0}
  m_Enabled: 1
  m_EditorHideFlags: 0
  m_Script: {fileID: 11500000, guid: f0ed0c4e68ee98946bb5016adda42373, type: 3}
  m_Name: BodyTextQuestContent
  m_EditorClassIdentifier: 
  m_bodyText:
    m_text: you gave an apple and got a sword
    m_stringAsset: {fileID: 0}
    m_textTable: {fileID: 0}
    m_textTableFieldID: 0
--- !u!114 &114814241630275624
MonoBehaviour:
  m_ObjectHideFlags: 1
  m_CorrespondingSourceObject: {fileID: 0}
  m_PrefabInstance: {fileID: 0}
  m_PrefabAsset: {fileID: 0}
  m_GameObject: {fileID: 0}
  m_Enabled: 1
  m_EditorHideFlags: 0
  m_Script: {fileID: 11500000, guid: f0ed0c4e68ee98946bb5016adda42373, type: 3}
  m_Name: BodyTextQuestContent
  m_EditorClassIdentifier: 
  m_bodyText:
    m_text: yu have the apple now go give it to dude thing
    m_stringAsset: {fileID: 0}
    m_textTable: {fileID: 0}
    m_textTableFieldID: 0
--- !u!114 &114816366058835100
MonoBehaviour:
  m_ObjectHideFlags: 1
  m_CorrespondingSourceObject: {fileID: 0}
  m_PrefabInstance: {fileID: 0}
  m_PrefabAsset: {fileID: 0}
  m_GameObject: {fileID: 0}
  m_Enabled: 1
  m_EditorHideFlags: 0
  m_Script: {fileID: 11500000, guid: f0ed0c4e68ee98946bb5016adda42373, type: 3}
  m_Name: BodyTextQuestContent
  m_EditorClassIdentifier: 
  m_bodyText:
    m_text: got girl an apple!
    m_stringAsset: {fileID: 0}
    m_textTable: {fileID: 0}
    m_textTableFieldID: 0
--- !u!114 &114845933173971934
MonoBehaviour:
  m_ObjectHideFlags: 1
  m_CorrespondingSourceObject: {fileID: 0}
  m_PrefabInstance: {fileID: 0}
  m_PrefabAsset: {fileID: 0}
  m_GameObject: {fileID: 0}
  m_Enabled: 1
  m_EditorHideFlags: 0
  m_Script: {fileID: 11500000, guid: f0ed0c4e68ee98946bb5016adda42373, type: 3}
  m_Name: BodyTextQuestContent
  m_EditorClassIdentifier: 
  m_bodyText:
    m_text: could you get me an apple?
    m_stringAsset: {fileID: 0}
    m_textTable: {fileID: 0}
    m_textTableFieldID: 0
--- !u!114 &114847226725813992
MonoBehaviour:
  m_ObjectHideFlags: 1
  m_CorrespondingSourceObject: {fileID: 0}
  m_PrefabInstance: {fileID: 0}
  m_PrefabAsset: {fileID: 0}
  m_GameObject: {fileID: 0}
  m_Enabled: 1
  m_EditorHideFlags: 0
  m_Script: {fileID: 11500000, guid: c47e1bb9cdd9a474c8d3f5d555d7533a, type: 3}
  m_Name: HeadingTextQuestContent
  m_EditorClassIdentifier: 
  m_useQuestTitle: 1
  m_headingText:
    m_text: 
    m_stringAsset: {fileID: 0}
    m_textTable: {fileID: 0}
    m_textTableFieldID: 0
  m_headingLevel: 1
--- !u!114 &114900720728642390
MonoBehaviour:
  m_ObjectHideFlags: 1
  m_CorrespondingSourceObject: {fileID: 0}
  m_PrefabInstance: {fileID: 0}
  m_PrefabAsset: {fileID: 0}
  m_GameObject: {fileID: 0}
  m_Enabled: 1
  m_EditorHideFlags: 0
  m_Script: {fileID: 11500000, guid: 3130e555dec1b2848b8b35a35d70722b, type: 3}
  m_Name: AddInventoryEngineItemQuestAction
  m_EditorClassIdentifier: 
  m_inventoryName:
    m_text: PlayerMainInventory
    m_stringAsset: {fileID: 0}
    m_textTable: {fileID: 0}
    m_textTableFieldID: 0
  m_itemName:
    m_text: Apple
    m_stringAsset: {fileID: 0}
    m_textTable: {fileID: 0}
    m_textTableFieldID: 0
  m_amount:
    m_valueType: 0
    m_literalValue: -1
    m_counterIndex: 0
--- !u!114 &114907523934008860
MonoBehaviour:
  m_ObjectHideFlags: 1
  m_CorrespondingSourceObject: {fileID: 0}
  m_PrefabInstance: {fileID: 0}
  m_PrefabAsset: {fileID: 0}
  m_GameObject: {fileID: 0}
  m_Enabled: 1
  m_EditorHideFlags: 0
  m_Script: {fileID: 11500000, guid: c47e1bb9cdd9a474c8d3f5d555d7533a, type: 3}
  m_Name: HeadingTextQuestContent
  m_EditorClassIdentifier: 
  m_useQuestTitle: 1
  m_headingText:
    m_text: 
    m_stringAsset: {fileID: 0}
    m_textTable: {fileID: 0}
    m_textTableFieldID: 0
  m_headingLevel: 1
--- !u!114 &114943594286021702
MonoBehaviour:
  m_ObjectHideFlags: 1
  m_CorrespondingSourceObject: {fileID: 0}
  m_PrefabInstance: {fileID: 0}
  m_PrefabAsset: {fileID: 0}
  m_GameObject: {fileID: 0}
  m_Enabled: 1
  m_EditorHideFlags: 0
  m_Script: {fileID: 11500000, guid: 2026020d5126cf04795d9548c18eacf3, type: 3}
  m_Name: LoveHateRelationshipQuestCondition
  m_EditorClassIdentifier: 
  m_judgeFactionID: 9
  m_subjectFactionID: 0
  m_relationshipID: 0
  m_mode: 1
  m_value: 0
  m_frequencyToCheck: 2
--- !u!114 &114944212265658052
MonoBehaviour:
  m_ObjectHideFlags: 1
  m_CorrespondingSourceObject: {fileID: 0}
  m_PrefabInstance: {fileID: 0}
  m_PrefabAsset: {fileID: 0}
  m_GameObject: {fileID: 0}
  m_Enabled: 1
  m_EditorHideFlags: 0
  m_Script: {fileID: 11500000, guid: c47e1bb9cdd9a474c8d3f5d555d7533a, type: 3}
  m_Name: HeadingTextQuestContent
  m_EditorClassIdentifier: 
  m_useQuestTitle: 1
  m_headingText:
    m_text: 
    m_stringAsset: {fileID: 0}
    m_textTable: {fileID: 0}
    m_textTableFieldID: 0
  m_headingLevel: 1
--- !u!114 &114971676561512240
MonoBehaviour:
  m_ObjectHideFlags: 1
  m_CorrespondingSourceObject: {fileID: 0}
  m_PrefabInstance: {fileID: 0}
  m_PrefabAsset: {fileID: 0}
  m_GameObject: {fileID: 0}
  m_Enabled: 1
  m_EditorHideFlags: 0
  m_Script: {fileID: 11500000, guid: c47e1bb9cdd9a474c8d3f5d555d7533a, type: 3}
  m_Name: HeadingTextQuestContent
  m_EditorClassIdentifier: 
  m_useQuestTitle: 0
  m_headingText:
    m_text: Reward
    m_stringAsset: {fileID: 0}
    m_textTable: {fileID: 0}
    m_textTableFieldID: 0
  m_headingLevel: 2
